Automatically generated by Mendeley 1.6
Any changes to this file will be lost if it is regenerated by Mendeley.

@book{Ambler2012,
author = {Ambler, Scott W. and Holitza, Matthew},
isbn = {9781118305065},
pages = {74},
publisher = {John Wiley \& Sons, Inc.},
title = {{Agile for Dummies}},
year = {2012}
}

@report{one,
  title={A comparison between agile and traditional software development methodologies},
  author={Awad, M.~A.},
  institution={University of Western Australia},
  year={2005}
}

@book{two,
  title={{Software Engineering: Mit UML und dem Unified Process}},
  author={Zuser, W. and Grechenig, T. and K{\"o}hle, M.},
  volume={2},
  year={2004},
  publisher={Pearson Studium}
}

@book{three,
  title={Extreme programming explained: embrace change},
  author={Beck, K. and Andres, C.},
  year={2004},
  edition={2},
  publisher={Addison-Wesley Professional}
}

@ARTICLE{four, 
author={Beck, K.}, 
journal={Computer}, title={Embracing change with extreme programming}, 
year={1999}, 
month={oct}, 
volume={32}, 
number={10}, 
pages={70--77}
}

@article {five,
    author={Gloger, Boris},
    title={{Scrum -- Der Paradigmenwechsel im Projekt- und Produktmanagement -- Eine Einf√ºhrung}},
    journaltitle={{Informatik Spektrum}},
    year={2010},
    volume={33},
    number={2},
    pages={195--200}
}

@inproceedings{seven,
 author = {Hossain, Emam and Bannerman, Paul L. and Jeffery, Ross},
 title = {Towards an understanding of tailoring scrum in global software development: a multi-case study},
 booktitle = {Proceedings of the 2011 International Conference on Software and Systems Process},
 series = {ICSSP '11},
 year = {2011},
 location = {Waikiki, Honolulu, HI, USA},
 pages = {110--119},
 numpages = {10},
 publisher = {ACM},
 address = {New York, NY, USA},
} 

@INPROCEEDINGS{eight, 
author={Ramanujam, R. and Lee, I.}, 
booktitle={Networked Computing and Advanced Information Management (NCM), 2011 7th International Conference on}, title={Collaborative and competitive strategies for agile scrum development}, 
year={2011}, 
month={june}, 
volume={}, 
number={}, 
pages={123--127}
}

@article {ieee90,
    author={IEEE},
    title={{IEEE Standard Glossary of Software Engineering Terminology}},
    journaltitle={610.121990},
    year={1990}
}