Automatically generated by Mendeley 1.6
Any changes to this file will be lost if it is regenerated by Mendeley.

@phdthesis{Breier2008,
author = {Breier, Florian},
file = {:D$\backslash$:/libraries/mendeley/J3DVN - A Generic Framework for 3D Software Visualization - Breier - 2008.pdf:pdf},
number = {9526715},
pages = {94},
school = {Vienna University of Technology},
title = {{J3DVN - A Generic Framework for 3D Software Visualization}},
year = {2008}
}
@phdthesis{Fraunschiel2008,
author = {Fraunschiel, Melanie},
file = {:D$\backslash$:/libraries/mendeley/Biomechanische Schlaganalyse im Kyokushin-Karate - Fraunschiel - 2008.pdf:pdf},
pages = {115},
school = {Vienna University of Technology},
title = {{Biomechanische Schlaganalyse im Kyokushin-Karate}},
year = {2008}
}
@phdthesis{Mauczka2008,
author = {Mauczka, Andreas},
file = {:D$\backslash$:/libraries/mendeley/Evaluating Object-Oriented Software Metrics for Source Code Change Analysis – A Study on Open Source Projects - Mauczka - 2008.pdf:pdf},
pages = {98},
school = {Vienna University of Technology},
title = {{Evaluating Object-Oriented Software Metrics for Source Code Change Analysis – A Study on Open Source Projects}},
year = {2008}
}

@phdthesis{Scheller2008,
author = {Thomas Scheller},
pages = {113},
school = {Vienna University of Technology},
title = {{Design and Implementation of XcoSpaces, the .Net Reference Implementation of XVSM - Core Architekture and Aspects}},
year = {2008}
}

@phdthesis{Keszthelyi2008,
author = {Laszlo Keszthelyi},
pages = {115},
school = {Vienna University of Technology},
title = {{Design and Implementation of the JavaSpaces API Standard for XVSM}},
year = {2008}
}

@phdthesis{Triska2008,
author = {Markus Triska},
pages = {82},
school = {Vienna University of Technology},
title = {{Solution Methods for the Social Golfer Problem}},
year = {2008}
}